Use String para colocar el nombre de las revistas abreviado, si este es muy largo

@String{ABD    = {Anais Brasileiros de Dermatologia}}
@String{CP	   = {Carbohydrate Polymers}}

Inserte la bibliografía de aquí en adelante usando el símbolo arroba - Usted puede generar la bibliografía desde un gestor como Mendeley
Tipos de bibliografía
ARTICLE
INCOLLECTION - Capítulo de libro
BOOK - Libro completo
MASTERTHESIS
PHDTHESIS
PROCEEDINGS - Memorias de congresos

@book{DeCastroKorgi2010,
address = {Bogota DC},
author = {{De Castro Korgi}, Rodrigo},
edition = {2nd},
isbn = {958701060-4},
pages = {470},
publisher = {Universidad Nacional de Colombia},
title = {{El Universo LaTeX}},
year = {2010}
}