# BibTeX file for references
@article{bauer2018optimal,
  title={Optimal pricing in e-commerce based on sparse and noisy data},
  author={Bauer, Josef and Jannach, Dietmar},
  journal={Decision support systems},
  volume={106},
  pages={53--63},
  year={2018},
  publisher={Elsevier}
}

@article{zhu2024drl,
  title={DRL PricePro: A deep reinforcement learning framework for personalized dynamic pricing in e-commerce platforms with supply constraints},
  author={Zhu, Chenyao and Cheng, Caiqian and Meng, Sisi},
  journal={Spectrum of Research},
  volume={4},
  number={1},
  year={2024}
}

@article{cai2022survey,
  title={A survey on deep reinforcement learning for data processing and analytics},
  author={Cai, Qingpeng and Cui, Can and Xiong, Yiyuan and Wang, Wei and Xie, Zhongle and Zhang, Meihui},
  journal={IEEE Transactions on Knowledge and Data Engineering},
  volume={35},
  number={5},
  pages={4446--4465},
  year={2022},
  publisher={IEEE}
}

@article{qiao2024distributed,
  title={Distributed dynamic pricing of multiple perishable products using multi-agent reinforcement learning},
  author={Qiao, Wenchuan and Huang, Min and Gao, Zheming and Wang, Xingwei},
  journal={Expert Systems with Applications},
  volume={237},
  pages={121252},
  year={2024},
  publisher={Elsevier}
}

@article{liu2019dynamic,
  title={Dynamic pricing on e-commerce platform with deep reinforcement learning: A field experiment},
  author={Liu, Jiaxi and Zhang, Yidong and Wang, Xiaoqing and Deng, Yuming and Wu, Xingyu},
  journal={arXiv preprint arXiv:1912.02572},
  year={2019}
}